<?xml version="1.0" encoding="UTF-8"?><collection xmlns="http://www.loc.gov/MARC21/slim"><record><leader>00386nam--2200133-i-4500</leader><controlfield tag="001">000015458</controlfield><controlfield tag="002">20161230</controlfield><controlfield tag="005">20161230201031</controlfield><controlfield tag="008">060222s1000------------r-----000-0-eng-d</controlfield><datafield ind1=" " ind2=" " tag="245"><subfield code="a">Cohesive properties of semiconductors under la ser irradiation</subfield></datafield><datafield ind1=" " ind2=" " tag="260"><subfield code="a">Noordhoff, Leiden, 1983</subfield></datafield><datafield ind1=" " ind2=" " tag="490"><subfield code="a">Nanto Asi Series E.Applied Sciences</subfield></datafield><datafield ind1=" " ind2=" " tag="700"><subfield code="a">Laude, Lucian D</subfield></datafield><datafield ind1=" " ind2=" " tag="852"><subfield code="a">620.1:621.375.826</subfield></datafield></record></collection>